<record><leader>00000cas a2200000 a 4500</leader><controlfield tag="001">28958673</controlfield><controlfield tag="008">931008c19uu9999iluer n       0   a0eng c</controlfield><datafield ind1=" " ind2=" " tag="010"><subfield code="a">sn2003061911</subfield></datafield><datafield ind1=" " ind2=" " tag="040"><subfield code="a">IDM</subfield><subfield code="b">eng</subfield><subfield code="c">IDM</subfield><subfield code="d">NVF</subfield><subfield code="d">OCLCQ</subfield><subfield code="d">OCLCO</subfield></datafield><datafield ind1="1" ind2=" " tag="029"><subfield code="a">AU@</subfield><subfield code="b">000024785066</subfield></datafield><datafield ind1=" " ind2=" " tag="042"><subfield code="a">pcc</subfield></datafield><datafield ind1=" " ind2=" " tag="043"><subfield code="a">n-us-il</subfield></datafield><datafield ind1="0" ind2=" " tag="130"><subfield code="a">Traveler weekly (Peoria, Ill. : 1976)</subfield></datafield><datafield ind1="1" ind2="4" tag="245"><subfield code="a">The traveler weekly.</subfield></datafield><datafield ind1="3" ind2=" " tag="246"><subfield code="a">Weekly traveler</subfield></datafield><datafield ind1=" " ind2=" " tag="260"><subfield code="a">Peoria, Ill. :</subfield><subfield code="b">Elise Allen</subfield></datafield><datafield ind1=" " ind2=" " tag="300"><subfield code="a">v.</subfield></datafield><datafield ind1=" " ind2=" " tag="310"><subfield code="a">Biweekly,</subfield><subfield code="b">&lt;Jan. 2/16, 1987&gt;-</subfield></datafield><datafield ind1=" " ind2=" " tag="321"><subfield code="a">Weekly,</subfield><subfield code="b">&lt;Nov. 8/14, 1976-Jan. 23, 1981&gt;</subfield></datafield><datafield ind1=" " ind2=" " tag="321"><subfield code="a">Weekly (except national holidays),</subfield><subfield code="b">&lt;Mar. 13, 1981-Aug. 4/13, 1986&gt;</subfield></datafield><datafield ind1=" " ind2=" " tag="515"><subfield code="a">Volume and numbering irregularities.</subfield></datafield><datafield ind1=" " ind2=" " tag="588"><subfield code="a">Description based on: Nov. 8/14, 1976.</subfield></datafield><datafield ind1=" " ind2=" " tag="588"><subfield code="a">Latest issue consulted: Vol. 38, no. 6 (Apr. 5/18, 2003).</subfield></datafield><datafield ind1=" " ind2="0" tag="651"><subfield code="a">Peoria (Ill.)</subfield><subfield code="v">Newspapers.</subfield></datafield><datafield ind1=" " ind2="0" tag="651"><subfield code="a">African Americans</subfield><subfield code="z">Illinois</subfield><subfield code="z">Peoria</subfield><subfield code="v">Newspapers.</subfield></datafield><datafield ind1=" " ind2=" " tag="752"><subfield code="a">United States</subfield><subfield code="b">Illinois</subfield><subfield code="c">Peoria</subfield><subfield code="d">Peoria.</subfield></datafield><datafield ind1="0" ind2="0" tag="780"><subfield code="t">Traveler weekly space age</subfield><subfield code="w">(DLC)sn2003006143</subfield></datafield></record>